<record xmlns="http://www.loc.gov/MARC21/slim" xmlns:xsi="http://www.w3.org/2001/XMLSchema-instance" xsi:schemaLocation="http://www.loc.gov/MARC21/slim http://www.loc.gov/standards/marcxml/schema/MARC21slim.xsd"><leader>     nam a22        4500</leader><controlfield tag="001">3059239</controlfield><controlfield tag="003">NNC</controlfield><controlfield tag="006">m        d        </controlfield><controlfield tag="007">cr cn |||m|||a</controlfield><controlfield tag="008">150601s1963    sy      o     000 0 arao </controlfield><datafield ind1=" " ind2=" " tag="040"><subfield code="a">NNU</subfield><subfield code="b">eng</subfield><subfield code="e">rda</subfield><subfield code="c">NNU</subfield></datafield><datafield ind1=" " ind2="4" tag="050"><subfield code="a">PJ7760</subfield><subfield code="b">.I13 H15 K4 1963</subfield></datafield><datafield ind1="1" ind2=" " tag="100"><subfield code="6">880-01</subfield><subfield code="a">Ibn H&#803;ajar al-&#699;Asqala&#772;ni&#772;, Ah&#803;mad ibn &#699;Ali&#772;,</subfield><subfield code="d">1372-1449.</subfield></datafield><datafield ind1="1" ind2="3" tag="245"><subfield code="6">880-02</subfield><subfield code="a">al-Khis&#803;a&#772;l al-mukaffirah lil-dhunu&#772;b al-mutaqaddimah wa-al-muta&#700;khkhirah /</subfield><subfield code="c">ta&#700;li&#772;f Ah&#803;mad ibn &#699;Ali&#772; ibn H&#803;ajar al-&#699;Asqala&#772;ni&#772; ; bi-tah&#803;qi&#772;q Muh&#803;ammad Riya&#772;d&#803; al-Ma&#772;lih&#803;.</subfield></datafield><datafield ind1=" " ind2=" " tag="260"><subfield code="6">880-03</subfield><subfield code="a">Dimashq :</subfield><subfield code="b">Mat&#803;bu&#772;&#699;a&#772;t Baraka&#772;t,</subfield><subfield code="c">1963.</subfield></datafield><datafield ind1=" " ind2=" " tag="300"><subfield code="a">online resource (48 pages)</subfield></datafield><datafield ind1=" " ind2=" " tag="336"><subfield code="a">text</subfield><subfield code="2">rdacontent</subfield></datafield><datafield ind1=" " ind2=" " tag="337"><subfield code="a">computer</subfield><subfield code="2">rdamedia</subfield></datafield><datafield ind1=" " ind2=" " tag="338"><subfield code="a">online resource</subfield><subfield code="2">rdacarrier</subfield></datafield><datafield ind1=" " ind2=" " tag="500"><subfield code="a">Part of the Arabic Collections Online (ACO) project, contributed by Columbia University Libraries.</subfield></datafield><datafield ind1=" " ind2=" " tag="533"><subfield code="a">Electronic reproduction.</subfield><subfield code="b">New York, N.Y. :</subfield><subfield code="c">New York University,</subfield><subfield code="d">2015.</subfield><subfield code="5">NNU</subfield></datafield><datafield ind1=" " ind2="0" tag="650"><subfield code="a">Forgiveness of sin (Islam)</subfield></datafield><datafield ind1=" " ind2="7" tag="650"><subfield code="a">Forgiveness of sin (Islam)</subfield><subfield code="2">fast</subfield><subfield code="0">(OCoLC)fst00932872</subfield></datafield><datafield ind1="1" ind2=" " tag="700"><subfield code="6">880-04</subfield><subfield code="a">Ma&#772;lih&#803;, Muh&#803;ammad Riya&#772;d&#803;,</subfield><subfield code="e">editor. </subfield></datafield><datafield ind1="2" ind2=" " tag="710"><subfield code="a">Columbia University.</subfield><subfield code="b">Libraries.</subfield></datafield><datafield ind1="0" ind2=" " tag="730"><subfield code="a">Arabic Collections Online.</subfield></datafield><datafield ind1="0" ind2="8" tag="776"><subfield code="i">Print version:</subfield><subfield code="a">Ibn H&#803;ajar al-&#699;Asqala&#772;ni&#772;, Ah&#803;mad ibn &#699;Ali&#772;, 1372-1449.</subfield><subfield code="t">al-Khis&#803;a&#772;l al-mukaffirah lil-dhunu&#772;b al-mutaqaddimah wa-al-muta&#700;khkhirah</subfield><subfield code="w">(NNC)3059239</subfield><subfield code="w">(DLC)nel65000899 </subfield><subfield code="w">(OCoLC)23514368</subfield></datafield><datafield ind1="4" ind2="0" tag="856"><subfield code="u">http://hdl.handle.net/2333.1/v41ns48k</subfield></datafield><datafield ind1="1" ind2=" " tag="880"><subfield code="6">100-01/r</subfield><subfield code="a">&#1575;&#1576;&#1606; &#1581;&#1580;&#1585; &#1575;&#1604;&#1593;&#1587;&#1602;&#1604;&#1575;&#1606;&#1610;&#1548; &#1575;&#1581;&#1605;&#1583; &#1576;&#1606; &#1593;&#1604;&#1610;&#1548;</subfield><subfield code="d">1372-1449.</subfield></datafield><datafield ind1="1" ind2="2" tag="880"><subfield code="6">245-02/r</subfield><subfield code="a">&#1575;&#1604;&#1582;&#1589;&#1575;&#1604; &#1575;&#1604;&#1605;&#1603;&#1601;&#1585;&#1577; &#1604;&#1604;&#1584;&#1606;&#1608;&#1576; &#1575;&#1604;&#1605;&#1578;&#1602;&#1583;&#1605;&#1577; &#1608;&#1575;&#1604;&#1605;&#1578;&#1571;&#1582;&#1585;&#1577; /</subfield><subfield code="c">&#1578;&#1571;&#1604;&#1610;&#1601; &#1575;&#1581;&#1605;&#1583; &#1576;&#1606; &#1593;&#1604;&#1610; &#1576;&#1606; &#1581;&#1580;&#1585; &#1575;&#1604;&#1593;&#1587;&#1602;&#1604;&#1575;&#1606;&#1610; &#1563; &#1576;&#1578;&#1581;&#1602;&#1610;&#1602; &#1605;&#1581;&#1605;&#1583; &#1585;&#1610;&#1575;&#1590; &#1575;&#1604;&#1605;&#1575;&#1604;&#1581;.</subfield></datafield><datafield ind1=" " ind2=" " tag="880"><subfield code="6">260-03/r</subfield><subfield code="a">&#1583;&#1605;&#1588;&#1602; :</subfield><subfield code="b">&#1605;&#1591;&#1576;&#1608;&#1593;&#1575;&#1578; &#1576;&#1585;&#1603;&#1575;&#1578;&#1548;</subfield><subfield code="c">1963.</subfield></datafield><datafield ind1="1" ind2=" " tag="880"><subfield code="6">700-04/r</subfield><subfield code="a">&#1605;&#1575;&#1604;&#1581;&#1548; &#1605;&#1581;&#1605;&#1583; &#1585;&#1610;&#1575;&#1590;&#1548;</subfield><subfield code="e">editor. </subfield></datafield><datafield ind1=" " ind2=" " tag="959"><subfield code="a">NNU</subfield><subfield code="b">WEB</subfield><subfield code="c">GENI</subfield><subfield code="t">0</subfield><subfield code="m">Electronic access</subfield><subfield code="s">01</subfield></datafield><datafield ind1=" " ind2=" " tag="999"><subfield code="i">NNC_3059239</subfield><subfield code="o">(OCoLC)ocm23514368</subfield><subfield code="s">columbia_aco000509</subfield><subfield code="e">(ERROR-880)</subfield><subfield code="s">columbia_aco000509</subfield></datafield></record>